@Misc{long-url,
	author = {OWS},
	title  = {Gross and net capital stocks for total economy by industry and asset in current prices and chained volume measures},
	year  	= {2016},
	url    = {http://www.ons.gov.uk/economy/nationalaccounts/uksectoraccounts/datasets/grossandnetcapitalstocksfortotaleconomybyindustryandassetincurrentpricesandchainedvolumemeasures}
}