% Encoding: UTF-8

@Misc{SADPTI2015EstimatingManual,
  author = {{South Australian Department of Planning, Transport and Infrastructure}},
  title  = {Estimating Manual: Road and Rail Projects},
  year   = {2015},
  url    = {http://www.dpti.sa.gov.au/__data/assets/pdf_file/0003/173532/Estimating_Manual.pdf},
}

@Misc{ABS2016ConstructionPriceIndex,
  author    = {ABS},
  title     = {Construction Price Index},
  year      = {2016},
  note      = {Cat. 6427.0},
  publisher = {Australia Bureau of Statistics},
  url       = {http://www.abs.gov.au/ausstats/abs@.nsf/mf/6427.0},
}

@TechReport{General2010Managementmajorrail,
  author      = {{Victorian Auditor-General}},
  title       = {Management of major rail projects},
  institution = {Victorian Auditor-General's Office},
  year        = {2010},
  type        = {Report},
  url         = {http://www.audit.vic.gov.au/publications/2009-10/20100623-major-rail-full-report.pdf},
}

@Article{Love2016CostOverrunsinTransportationInfrastructure,
  author  = {Love, P and Ahiaga-Dagbui, D and Irani Z},
  title   = {Cost overruns in transportation infrastructure projects: Sowing the seeds for a probabilistic theory of causation},
  journal = {Transportation Research Part A: Policy and Practice},
  year    = {2016},
  volume  = {92},
  pages   = {184-194},
  url     = {http://www.sciencedirect.com/science/article/pii/S0965856415302871},
}

@Misc{IMFBentham-BrisConnections-vs-Arup-Settled-notice,
  author = {{IMF Bentham}},
  title  = {Brisconnections: Cause of action},
  date   = {2013-05-17},
  url    = {http://www.imf.com.au/cases/detail/brisconnections},
}

@Misc{ATAP2016Guidelines,
  author = {{Australian Transport Assessment and Planning}},
  title  = {Mode specific guidance},
  year   = {2016},
  url    = {https://www.mediastatements.wa.gov.au/Pages/Court/2000/12/Premier-announces-taskforce-to-speed-up-Mandurah-bypass-project.aspx},
}

@Article{Flyvbjerg2002Underestimatingcostspublic,
  author  = {Flyvbjerg, B. and Holm, M. and Buhl, S.},
  title   = {Underestimating costs in public works projects},
  journal = {Journal of the American Planning Association},
  year    = {2002},
  volume  = {68},
  number  = {3},
  pages   = {279-295},
}

@TechReport{EngineersAustralia2014Masteringcomplexprojects,
  author      = {{Engineers Australia}},
  title       = {White paper: Mastering complex projects: Principles for success and reliable performance},
  institution = {University of Sydney},
  year        = {2014},
  type        = {Report},
  url         = {https://www.engineersaustralia.org.au/sites/default/files/shado/Divisions/Victoria%20Division/Groups/ACEs/mcp_whitepaperfinal.pdf},
}

@Misc{Elaurant2015POLITICSFINANCETRANSPORT,
  author = {Elaurant, S. and Louise, J.},
  title  = {POLITICS, FINANCE AND TRANSPORT – MEGAPROJECTS IN AUSTRALIA},
  year   = {2015},
  type   = {Report},
  url    = {http://www.royalsocietyqld.org/wp-content/uploads/documents/SElaurantMegaprojects.pdf},
}

@Misc{VicDTF2016Fullbusinesscasetemplate,
  author = {{Victorian Department of Treasury and Finance}},
  title  = {Full business case template - Stage 2 Prove},
  year   = {2016},
  url    = {http://www.dtf.vic.gov.au/Publications/Investment-planning-and-evaluation-publications/Lifecycle-guidance/Full-business-case-template-Stage-2-Prove},
}

@Misc{INSW2014ContingencyManagementGuidebook,
  author = {{Infrastructure New South Wales}},
  title  = {Contingency Management Guidebook: Guidelines for optimising capital investment funding},
  year   = {2014},
  url    = {http://www.infrastructure.nsw.gov.au/media/42323/insw_contingency_management_guidebook_-_february_2014.pdf},
}

@PhdThesis{Jenpanitsub2011CostoverrunsTransport,
  author = {Jenpanitsub, A},
  title  = {Cost overruns in Transport Projects - Experiences from Sweden},
  school = {KTH Royal Institute of Technology},
  year   = {2011},
  type   = {Thesis},
}

@Misc{Greens2016AustralianInfrastructureBank,
  author = {{Australian Greens}},
  title  = {Investing in our future: Australian Infrastructure Bank},
  year   = {2016},
  url    = {http://greens.org.au/sites/greens.org.au/files/20160428_Australian%20Infrastructure%20Bank.pdf},
}

@Misc{ALP2016Policy,
  author = {{Australian Labor Party}},
  title  = {Nation-building infrastructure: jobs, road and rail},
  year   = {2016},
  url    = {http://www.100positivepolicies.org.au/?_ga=1.64765167.1373441745.1465197173#policy-cat-nation_building_infrastructure},
}

@Misc{RoadsAustralia2007News,
  author = {{Roads Australia}},
  title  = {Roads Australia News: 30 November 2007},
  month  = {11},
  year   = {2007},
  url    = {http://www.roadsaustralia.com.au/news/show-arf-insider/22},
}

@Misc{VicDTF2016GatewayReviewProcess,
  author = {{Victorian Department of Treasury and Finance}},
  title  = {Gateway review process - Guidance materials},
  year   = {2016},
  url    = {http://www.dtf.vic.gov.au/Publications/Investment-planning-and-evaluation-publications/Gateway/Gateway-review-process-Guidance-materials},
}

@Misc{GovWA2005MainRoads,
  author = {{Government of Western Australia}},
  title  = {Main Roads Western Australia: 2005 Annual Report},
  year   = {2005},
  url    = {http://www.parliament.wa.gov.au/publications/tabledpapers.nsf/displaypaper/3710948ab1a71ca75cb956f5482570a10005b17e/$file/main+roads+ar+2004-5.pdf},
}

@Article{Love2013Overrunstransportationinfrastructure,
  author  = {Love, Peter and Xiangyu Wang and Chun-Pung Sing and Robert Tiong},
  title   = {Determining the Probability of Project Cost Overruns},
  journal = {Journal of Construction Engineering and Management},
  year    = {2013},
  volume  = {139},
  number  = {3},
  pages   = {321-330},
  url     = {http://ascelibrary.org/doi/10.1061/%28ASCE%29CO.1943-7862.0000575},
}

@Article{Love2014Understandinglandscapeoverruns,
  author  = {Love, Peter and Smith, Jim and Simpson, Ian and Regan, Michael},
  title   = {Understanding the landscape of overruns in transport infrastructure projects},
  journal = {Environmental and Planning B: Planning and Design},
  year    = {2014},
  volume  = {42},
  pages   = {490-509},
  url     = {http://epb.sagepub.com/content/42/3/490.abstract},
}

@Misc{PrincesHighwayBusinessCase,
  author = {{Infrastructure Australia}},
  title  = {2014-2015 Assessment Brief - Princes Highway},
  month  = {May 2015},
  year   = {2015},
  type   = {Hearing},
  url    = {http://infrastructureaustralia.gov.au/projects/files/Vic-Princes-Highway-West-Duplication.pdf},
}

@Misc{AssociationforAdvofCostEng2016,
  author = {Association for the Advancement of Cost Engineering},
  title  = {Cost estimate classification system - As applied in engineering, procurement and construction},
  month  = {3},
  year   = {2016},
  note   = {The Authority for Total Cost Management},
  url    = {http://www.aacei.org/toc/toc_18R-97.pdf},
}

@Misc{MainRoadStAlbansLevelCrossingBusinessCase,
  author = {{Infrastructure Australia}},
  title  = {2014-2015 Assessment Brief - Main Road, St Albans Level Crossing Removal Project},
  month  = {May 2015},
  year   = {2015},
  type   = {Hearing},
  url    = {http://infrastructureaustralia.gov.au/projects/files/Vic-Main-Road-St-Albans-Level-Crossing-Removal.pdf},
}

@Misc{StandingCommittee2012Railinfrastructureprojectcosting,
  author = {{Parliament of New South Wales}},
  title  = {Legislative Council General Purpose Standing Committee No. 3: Rail infrastructure project costing in New South Wales},
  year   = {2012},
  url    = {https://www.parliament.nsw.gov.au/committees/DBAssets/InquiryReport/ReportAcrobat/5200/120308%20Final%20%20report%20Rail%20costings.pdf},
}

@Misc{GovWA2000Premier,
  author = {Criddle, M. and Court, R.},
  title  = {Premier announces taskforce to speed up Mandurah bypass project},
  year   = {2000},
  note   = {Government of Western Australia. Media Statement},
  url    = {https://www.mediastatements.wa.gov.au/Pages/Court/2000/12/Premier-announces-taskforce-to-speed-up-Mandurah-bypass-project.aspx},
}

@Misc{CLEM7-lawsuit-successful-media-release,
  author = {{Maurice Blackburn}},
  title  = {Rivercity Class Action -- Media Release},
  year   = {2016},
  url    = {https://www.mauriceblackburn.com.au/current-class-actions/rivercity-class-action/},
}

@Misc{ATC2006NGTSM4,
  author = {{Australian Transport Council}},
  title  = {National Guidelines for Transport System Management in Australia},
  year   = {2006},
  note   = {Volume 4},
  url    = { http://transportinfrastructurecouncil.gov.au/publications/files/national_guidelines_volume_4.pdf },
}

@Misc{ATC2006NGTSM3,
  author = {{Australian Transport Council}},
  title  = {National Guidelines for Transport System Management in Australia},
  year   = {2006},
  note   = {Volume 3},
  url    = {http://atap.gov.au/technical-support-library/ngtsm/files/National_Guidelines_Volume_3.pdf},
}

@Misc{M1PacificHighwayBusinessCase,
  author = {{Infrastructure Australia}},
  title  = {Project Business Case Evaluation - M1 Pacific Highway Upgrade: Gateway Motorway Merge Upgrade},
  month  = {July 2016},
  year   = {2016},
  type   = {Hearing},
  url    = {http://infrastructureaustralia.gov.au/projects/files/M1-Pacific-Motorway-gateway-Motorway-merge-upgrade.pdf},
}

@Misc{ATC2006NGTSM5,
  author = {{Australian Transport Council}},
  title  = {National Guidelines for Transport System Management in Australia},
  year   = {2006},
  note   = {Volume 5},
  url    = {http://atap.gov.au/technical-support-library/ngtsm/files/National_Guidelines_Volume_5.pdf},
}

@Misc{BITRE2005RiskinCostBenefitAnalysis,
  author = {{Bureau of Transport and Regional Economics}},
  title  = {Report 110: Risk in cost–benefit analysis},
  year   = {2005},
  url    = {https://bitre.gov.au/publications/2005/files/report_110.pdf},
}

@Article{Lee2008Costoverruncause,
  author  = {Lee, J},
  title   = {Cost overrun and cause in Korean social overhead capital projects: roads, rails, airports, and ports},
  journal = {Journal of Urban Planning and Development},
  year    = {2008},
  volume  = {134},
  number  = {2},
  pages   = {59-62},
  type    = {Journal Article},
}

@Misc{Fletcher2015StatementofExpectations,
  author = {Paul Fletcher},
  title  = {Statement of Expectations For the Board of Infrastructure Australia},
  year   = {2015},
  url    = {http://infrastructureaustralia.gov.au/about/files/IA-Statement-of-Expectations-2015-17.pdf},
}

@Misc{RMS2010Hunter,
  author = {{Roads and Maritime Services}},
  title  = {Hunter Expressway – Current status},
  year   = {2010},
  url    = {http://www.rms.nsw.gov.au/documents/projects/hunter/the-hunter-expressway/project-documents/hunter-expressway-comm-update-jul2010.pdf},
}

@Misc{DIRD2008BPCEPFRRC,
  author = {{Department of Infrastructure Transport Regional Development and Local Government}},
  title  = {Best Practice Cost Estimation for Publicly Funded Road and Rail Construction},
  year   = {2008},
  url    = {http://docplayer.net/8466786-Best-practice-cost-estimation-for-publicly-funded-road-and-rail-construction.html},
}

@TechReport{MacDonald2002ReviewlargePublic,
  author = {Mott MacDonald},
  title  = {Review of large Public Procurement in the UK},
  year   = {2002},
  type   = {Report},
}

@Article{ClementsInvestmentMonitorQuality,
  author  = {Clements, Kenneth and Si, Jiawei and Simpson, Thomas},
  title   = {Understanding new resource projects},
  journal = {Review of Income and Wealth},
  year    = {2016},
  number  = {62},
}

@Misc{Terrill2016ElectionPromises,
  author = {Terrill, Marion},
  title  = {Election 2016: will the infrastructure promises meet Australia’s needs?},
  year   = {2016},
  type   = {Generic},
  url    = {http://grattan.edu.au/wp-content/uploads/2016/06/Transport-Infrastructure-Promises.pdf},
}

@Misc{RATLC2010AnswersQuestionsNotice,
  author = {{Rural Affairs and Transport Legislation Committee}},
  title  = {Answers to Questions on Notice},
  month  = {10},
  year   = {2010},
  type   = {Government Document},
  url    = {http://bit.ly/1YIdixx},
}

@Misc{TransportNSW2013PrinciplesandGuidelines,
  author = {{Transport for New South Wales}},
  title  = {Principles and guidelines for economic appraisal of transport investment and initiatives},
  year   = {2013},
  url    = {http://www.transport.nsw.gov.au/sites/default/files/b2b/publications/tfnsw-principles-and-guidelines-for-economic-appraisal-of-transport-initiatives.pdf},
}

@Misc{AFR-BrisConnections-receivers-sue-Arup-over-Brisbane-airport-link,
  author = {Sarah Thompson and Hannah Low and Gretchen Friemann},
  title  = {BrisConnections receivers sue Arup over Brisbane airport link},
  date   = {2014-05-28},
  url    = {http://www.afr.com/business/brisconnections-receivers-sue-arup-over-brisbane-airport-link-20140528-iv1qo},
}

@Article{Hinze1992CostOverrunsonStateofWashington,
  author  = {Jimmie Hinze and Gregory Selstead and Joe P Mahoney},
  title   = {Cost Overruns on State of Washington Construction Contracts},
  journal = {Transportation Research Record},
  year    = {1992},
  volume  = {1351},
  pages   = {87--93},
}

@Misc{BITRE2014Overviewofprojectappraisalforlandtransport,
  author = {{Bureau of Infrastructure, Transport and Regional Economics}},
  title  = {Overview of project appraisal for land transport},
  year   = {2014},
  url    = {https://bitre.gov.au/publications/2014/files/overview_of_project_appraisal_for_land_transport.pdf},
}

@TechReport{General2015Largeconstructionprojects,
  author      = {{NSW Auditor-General}},
  title       = {Large construction projects: Independent assurance},
  institution = {Audit NSW},
  year        = {2015},
  type        = {Report},
  url         = {http://www.audit.nsw.gov.au/ArticleDocuments/362/01_Large_Construction_Projects_Independent_Assurance_Complete_Full_Report.pdf.aspx?Embed=Y},
}

@Misc{DIRD2002FedGovkeepsNSWMoving,
  author = {{Department of Infrastructure and Regional Development}},
  title  = {Federal Government keeps New South Wales moving},
  month  = {5},
  year   = {2002},
  url    = {https://infrastructure.gov.au/department/statements/2002_2003/media/a03_budget_02.aspx},
}

@Misc{DIRD2008LowerHunterTransportNeedsStudy,
  author = {{Department of Infrastructure and Regional Development}},
  title  = {Lower Hunter Transport Needs Study Terms of Reference},
  year   = {2008},
  url    = {http://investment.infrastructure.gov.au/publications/policies/pdf/Lower_Hunter_TermsOfReference.pdf},
}

@Misc{RMS2016Hunter,
  author = {{Roads and Maritime Services}},
  title  = {The Hunter Expressway},
  year   = {2016},
  url    = {http://www.rms.nsw.gov.au/projects/hunter/the-hunter-expressway/index.html},
}

@Article{Koushki2005Delayscostincreases,
  author  = {Koushki, P and Al-Rashid, K and Kartam, N},
  title   = {Delays and cost increases in the construction of private residential projects in Kuwait},
  journal = {Construction Management and Economics},
  year    = {2005},
  volume  = {23},
  pages   = {285--294},
}

@TechReport{Victoria2014ProductivityCommissionPublic,
  author      = {{Victorian Department of Treasury and Finance}},
  title       = {Productivity Commission Public Infrastructure Inquiry Victorian Government submission},
  institution = {Victorian Department of Treasury and Finance},
  year        = {2014},
  url         = {http://www.pc.gov.au/__data/assets/pdf_file/0018/131913/sub081-infrastructure.pdf},
}

@Misc{SMH2013SunSetsonLittleTown,
  author = {Damien Murphy},
  title  = {Sun sets on little town of bottlenecks and pies},
  month  = {7},
  year   = {2013},
  note   = {Sydney Morning Herald},
  day    = {20},
  type   = {Newspaper Article},
  url    = {http://www.smh.com.au/nsw/sun-sets-on-little-town-of-bottlenecks-and-pies-20130719-2q9rw.html},
}

@Misc{DIRD2015NSWCompletedProjects,
  author = {{Department of Infrastructure and Regional Development}},
  title  = {NSW Completed Projects June 2015},
  year   = {2015},
  url    = {http://investment.infrastructure.gov.au/publications/historical/pdf/NSW_Completed_Projects_June_2015.pdf},
}

@Misc{GreatLakesAdvocate2013BypassOpensandCloses,
  author = {{Great Lakes Advocate}},
  title  = {Bypass officially opens and closes again within days},
  month  = {7},
  year   = {2013},
  note   = {Great Lakes Advocate},
  day    = {3},
  type   = {Newspaper Article},
  url    = {http://www.greatlakesadvocate.com.au/story/1613335/bypass-officially-opens-and-closes-again-within-days/},
}

@Misc{NSWHansardAlstonville,
  author = {{Parliament of New South Wales}},
  title  = {Alstonville Bypass},
  month  = {11},
  year   = {2002},
  url    = {http://23.101.218.132/Prod/parlment/hansart.nsf/V3Key/LA20021119038?open&refNavID=HA8_1},
}

@Misc{QLDGov2015FinancialandPerformanceManagementStandard,
  author = {{Government of Queensland}},
  title  = {Financial and Performance Management Standard 2009},
  year   = {2015},
  url    = {https://www.legislation.qld.gov.au/Legisltn/Current/F/FinAccPManSt09.pdf},
}

@Misc{BrisbaneTimes2012FiveStagesDown,
  author = {Tony Moore},
  title  = {Five stages down, one to go: \$2.8b road upgrade completion in sight},
  month  = {5},
  year   = {2012},
  note   = {Brisbane Times},
  day    = {15},
  type   = {Newspaper Article},
  url    = {http://www.brisbanetimes.com.au/queensland/five-stages-down-one-to-go-28b-road-upgrade-completion-in-sight-20120515-1yo56.html},
}

@Misc{Infrastructure2014AUSTRALIANGOVERNMENTRESPONSE,
  author = {{Department of Infrastructure and Regional Development}},
  title  = {AUSTRALIAN GOVERNMENT RESPONSE: Productivity Commission Inquiry Report into Public Infrastructure},
  year   = {2014},
  type   = {Government Document},
  url    = {https://infrastructure.gov.au/infrastructure/publications/files/Productivity_Commission_Inquiry_Report_into_Public_Infrastructure.pdf},
}

@TechReport{AustralianConstructorsAssociation2015,
  author      = {{Australian Constructors Association}},
  title       = {Changing the game: How Australia can achieve success in the new world of Mega-projects},
  institution = {Australian Constructors Association},
  year        = {2015},
  type        = {Report},
  url         = {http://www.constructors.com.au/wp-content/uploads/2015/11/Changing-the-Game-Mega-Projects-Final1.pdf},
}

@Misc{Treasury2016CommonwealthBudgetPapers,
  author = {Treasury},
  title  = {Commonwealth Budget Papers 2016-17},
  year   = {2016},
  type   = {Government Document},
  url    = {http://budget.gov.au/},
}

@Misc{Austroads2014GuidetoProjectEvaluation,
  author = {{Austroads}},
  title  = {Guide to Project Evaluation},
  year   = {2014},
  url    = {http://www.austroads.com.au/road-construction/planning-evaluation/publications-resources/guide-to-project-evaluation},
}

@Misc{RuralandRegionalAffairs2014,
  author = {{Rural \& Regional Affairs and Transport Legislation Committee}},
  title  = {Answers to questions on notice},
  month  = {10},
  year   = {2014},
  day    = {20},
  url    = {http://www.aph.gov.au/~/media/Committees/rrat_ctte/estimates/sup_1415/infra/Answers/II.pdf},
}

@Misc{WABudget200708Statements,
  author = {{Government of Western Australia}},
  title  = {2007--08 Budget: Budget Statements},
  year   = {2007},
  note   = {Budget Paper No.2 Volume 2},
  url    = {http://www.ourstatebudget.wa.gov.au/uploadedFiles/State_Budget/Budget_2007_-_2008/bp2_vol2.pdf},
}

@Misc{AEEA2016IpswichMotorway,
  author = {{Australian Engineering Excellence Awards}},
  title  = {Ipswich Motorway Upgrade: Dinmore to Goodna (D2G) Project: Entered by: Origin Alliance},
  year   = {2016},
  url    = {http://www.excellenceawards.org.au/ipswich-motorway-upgrade-dinmore-to-goodna-d2g-project},
}

@Misc{BruceHighwayBusinessCase,
  author = {{Infrastructure Australia}},
  title  = {Project Business Case Evaluation - Bruce Highway Upgrade: Caloundra Road to Sunshine Motorway},
  month  = {July 2016},
  year   = {2016},
  type   = {Hearing},
  url    = {http://infrastructureaustralia.gov.au/projects/files/Bruce-Highway-upgrade.pdf},
}

@Misc{Prime72013Bypassopenedbutconstructionnotfinished,
  author = {{Prime7}},
  title  = {Bypass opened by construction not finished},
  month  = {6},
  year   = {2013},
  note   = {Prime7},
  day    = {27},
  url    = {https://au.prime7.yahoo.com/n1/news/a/-/local/17775444/bypass-opened-by-construction-not-finished-video/},
}

@InBook{Merewitz1973Costoverrunspublic,
  pages     = {277-95},
  title     = {Cost overruns in public works},
  year      = {1973},
  author    = {Merewitz, L},
  editor    = {Niskanen, W and Hansen, A and Havermann, R and Turvey, R and Zeckhauser, R},
  type      = {Book Section},
  address   = {Chicago},
  booktitle = {Benefit cost and policy analysis},
}

@TechReport{Wood2009AllianceContracts,
  author      = {Wood, P. and Duffield, C.},
  title       = {In Pursuit of Additional Value: A benchmarking study into alliancing in the Australian Public Sector},
  institution = {Victorian Department of Treasury and Finance},
  year        = {2009},
  type        = {Report},
  url         = {http://www.dtf.vic.gov.au/Publications/Infrastructure-Delivery-publications/In-pursuit-of-additional-value},
}

@Article{Cantarelli2012Geographicalvariationproject,
  author  = {Cantarelli, C and Flyvbjerg, B. and Buhl, S.},
  title   = {Geographical variation in project cost performance: the Netherlands versus worldwide},
  journal = {Journal of Transport Geography},
  year    = {2012},
  volume  = {24},
  pages   = {324-331},
  url     = {https://arxiv.org/ftp/arxiv/papers/1307/1307.2181.pdf},
}

@Misc{TreasurersAdvanceAuthBill2001,
  author = {{Parliament of Western Australia}},
  title  = {Treasurer's Advance Authorisation Bill},
  year   = {2001},
  url    = {https://lawlex.com.au/tempstore/WA/Hansard/55197.pdf},
}

@Misc{Government2016MelbourneMetroBusiness,
  author = {{Victorian State Government}},
  title  = {Melbourne Metro Business Case: Appendix 6},
  month  = {February 2016},
  year   = {2016},
  type   = {Hearing},
  url    = {http://mmrailproject.vic.gov.au/__data/assets/pdf_file/0003/40494/MM-Business-Case-Feb-2016-APPENDIX-06.PDF},
}

@Misc{FutureFund2016PortfolioUpdate,
  author = {{Future Fund}},
  title  = {Portfolio Update at 30 June 2016},
  year   = {2016},
  url    = {http://www.futurefund.gov.au/-/media/Files/FutureFund/05---Portfolio-Updates/Portfolio-update-at-30-June-2016.pdf?la=en},
}

@TechReport{Group2007PerformancePPPsTraditional,
  author      = {{Allen Consulting Group} and Duffield, C and Raisbeck, P},
  title       = {Performance of PPPs and Traditional Procurement in Australia: Report to Infrastructure Partnerships Australia},
  institution = {Infrastructure Partnerships Australia},
  year        = {2007},
  type        = {Report},
  url         = {http://www.infrastructure.org.au/DisplayFile.aspx?FileID=450},
}

@Misc{WAAGMajorCapitalProjects,
  author = {{Western Australian Auditor General}},
  title  = {Performance Audit: Major Capital Projects},
  year   = {2012},
  url    = {https://audit.wa.gov.au/wp-content/uploads/2013/05/report2012_121.pdf},
}

@Misc{DIRD2013NotesonAdministration,
  author = {{Department of Infrastructure and Regional Development}},
  title  = {Notes on Administration for Land Transport Infrastructure Projects},
  year   = {2013},
  url    = {http://investment.infrastructure.gov.au/publications/administration/pdf/NoA_Aug_2016.pdf},
}

@Article{Anastasopoulos2012EmpiricalAssessmentLikelihood,
  author  = {Anastasopoulos, P and Labi, S and Bhargava, A and Mannering, F.},
  title   = {Empirical Assessment of the Likelihood and Duration of Highway Project Time Delays},
  journal = {Journal of Construction Engineering and Management},
  year    = {2012},
  volume  = {138},
  number  = {3},
  pages   = {390-398},
}

@Misc{Commission2014PublicInfastructure,
  author = {{Productivity Commission}},
  title  = {Public Infrastructure},
  month  = {5},
  year   = {2014},
  type   = {Report},
  url    = {http://www.pc.gov.au/inquiries/completed/infrastructure/report},
}

@Article{Eliasson2013CostOverrunsandDemandShortfalls,
  author  = {Jonas Eliasson and Mogens Fosgerau},
  title   = {Cost overruns and demand shortfalls - Deception or selection},
  journal = {Transportation Research Part B},
  year    = {2013},
  volume  = {57},
  number  = {3},
  pages   = {105--113},
  url     = {http://www.sciencedirect.com/science/article/pii/S0191261513001598?np=y},
}

@TechReport{Duffield2008ReportperformancePPP,
  author      = {Duffield, C. and Raisbeck, P. and Xu, M.},
  title       = {Report on the performance of PPP projects in Australia when compared with a representative sample of traditionally procured infrastructure projects},
  institution = {University of Melbourne},
  year        = {2008},
  type        = {Report},
  url         = {http://infrastructureaustralia.gov.au/policy-publications/publications/files/PC_Submission_Attachment_K.pdf},
}

@Misc{ABCNews2009AlstonvilleBypassFundsAnnounced,
  author = {{ABC News}},
  title  = {Alstonville bypass funds announced},
  month  = {2},
  year   = {2009},
  note   = {ABC News},
  day    = {19},
  type   = {Newspaper Article},
  url    = {http://www.abc.net.au/news/2009-02-19/alstonville-bypass-funds-announced/300720},
}

@Misc{ALP2016EmpoweringInfrastructureAustralia,
  author = {{Australian Labor Party}},
  title  = {Empowering Infrastructure Australia},
  year   = {2016},
  url    = {http://www.100positivepolicies.org.au/empowering_infrastructure_australia},
}

@TechReport{Terrill2016Roadsrichesbetter,
  author      = {Terrill, Marion and Emslie, Owain and Coates, Brendan},
  title       = {Roads to riches: better transport investment},
  institution = {Grattan Institute},
  year        = {2016},
  type        = {Report},
  month       = {4},
  url         = {http://grattan.edu.au/wp-content/uploads/2016/04/869-Roads-to-Riches.pdf},
}

@Misc{Act2008InfrastructureAustraliaAct,
  author = {{Infrastructure Australia Act}},
  title  = {Infrastructure Australia Act, 2008},
  year   = {2008},
  type   = {Government Document},
  url    = {https://www.legislation.gov.au/Details/C2008A00017/Html/Text},
}

@Misc{SGS2016WestConnexreview,
  author = {{SGS Economics \& Planning}},
  title  = {Westconnex Business Case Review},
  year   = {2016},
  type   = {Report},
  url    = {http://www.cityofsydney.nsw.gov.au/__data/assets/pdf_file/0008/251891/Report-SGS-Westconnex-Business-Case-Final-Report-160204.pdf},
}

@Misc{InfrastructureAustralia2016,
  author = {{{Infrastructure Australia}}},
  title  = {Infrastructure Priority List},
  month  = {5},
  year   = {2016},
  url    = {http://infrastructureaustralia.gov.au/projects/files/Infrastructure_Priority_List_Table-May_2016.pdf},
}

@Article{Flyvbjerg2014Whatyoushould,
  author  = {Flyvbjerg, Bent},
  title   = {What you should know about megaprojects and why: an overview},
  journal = {Project Management Journal,},
  year    = {2014},
  url     = {https://papers.ssrn.com/sol3/papers.cfm?abstract_id=2424835},
}

@Article{HyndmanandFan1996SampleQuantilesinStatisticalPackages,
  author  = {Rob J. Hyndman and Yanan Fan},
  title   = {Sample Quantiles in Statistical Packages},
  journal = {The American Statistician},
  year    = {1996},
  volume  = {50},
  number  = {4},
  pages   = {361--365},
  url     = {https://www.amherst.edu/media/view/129116/original/Sample+Quantiles.pdf},
}

@TechReport{Berechman2006CostOverrunsRisk,
  author      = {Berechman, J and Wu, Q},
  title       = {Cost Overruns Risk Analysis in Transport Infrastructure Investments},
  institution = {Phelps Centre for the Study of Government and Business, University of British Columbia},
  year        = {2006},
  type        = {Report},
}

@Misc{CanberraLightRailBusinessCase,
  author = {{Australian Capital Territory Government}},
  title  = {Capital Metro - Full Business Case},
  type   = {Hearing},
  url    = {http://www.tccs.act.gov.au/__data/assets/pdf_file/0010/887680/Light-rail-Capital-Metro-Business-Case-In-Full.pdf},
}

@Misc{NorthWestCoastalHighwayBusinessCase,
  author = {{Infrastructure Australia}},
  title  = {2012-1013 Assessment Brief - North West Coastal Highway},
  month  = {June 2013},
  year   = {2013},
  type   = {Hearing},
  url    = {http://infrastructureaustralia.gov.au/projects/files/WA_North_West_Coastal_Highway_Brief.pdf},
}

@Misc{WALISRealisingPowerLocation,
  author = {{Government of Western Australia}},
  title  = {Realising the power of location: a location information strategy for Western Australia},
  year   = {2010},
  note   = {Draft Version 2.14. Western Australian Land Information System},
  url    = {http://www.walis.wa.gov.au/projects/location-information-strategy-for-wa/locationstrategyassets/Strategy%20Document%20DRAFT%20v2%2014%2020100719.pdf},
}

@Misc{Truss-2013-Second-Reading-Infrastructure-Australia-Amendment-Bill,
  author = {Warren Truss},
  title  = {Second reading speech to the \textup{Infrastructure Australia Amendment Bill 2013}},
  date   = {2013-11-20},
  url    = {http://parlinfo.aph.gov.au/parlInfo/genpdf/chamber/hansardr/e674bc2a-82df-4a25-981b-1f2bab3d0b16/0005/hansard_frag.pdf;fileType=application%2Fpdf},
}

@Misc{Liberal2016Policy,
  author = {{Liberal Party}},
  title  = {Our Plan: Building Australia's Infrastructure},
  year   = {2016},
  url    = {https://www.liberal.org.au/our-plan/building-australiasinfrastructure},
}

@Misc{VicDTF2015HighValueHighRisk,
  author = {{Victorian Department of Treasury and Finance}},
  title  = {High Value High Risk},
  year   = {2015},
  url    = {http://www.dtf.vic.gov.au/Investment-Planning-and-Evaluation/High-Value-High-Risk},
}

@Article{Flyvbjerg2004Whatcausescost,
  author  = {Flyvbjerg, B. and Holm, M. and Buhl, S.},
  title   = {What causes cost overruns in transport infrastructure projects?},
  journal = {Transport Reviews},
  year    = {2004},
  volume  = {24},
  number  = {1},
  pages   = {3-18},
}

@Misc{Government2015WesternDistributor,
  author = {{Victorian State Government}},
  title  = {Western Distributor},
  year   = {2015},
  type   = {Web Page},
  url    = {http://economicdevelopment.vic.gov.au/transport/major-projects/western-distributor},
}

@Misc{StandardsAustralia2010DeliveringassurancebasedonISO31000,
  author = {{Standards Australia}},
  title  = {HB 158—2010: Delivering assurance based on ISO 31000:2009 Risk management—Principles and guidelines},
  year   = {2010},
}

@PhdThesis{Wood2010Comparingcostuplift,
  author = {Wood, P},
  title  = {Comparing cost uplift in infrastructure delivery methods: a case based approach},
  school = {Queensland University of Technology},
  year   = {2010},
  type   = {Thesis},
  url    = {http://eprints.qut.edu.au/47529/1/Peter_Wood_Thesis.pdf},
}

@Misc{Albanese2013PacificMotorway,
  author = {Anthony Albanese},
  title  = {Pacific Motorway: Worongary to Mudgeeraba six lane widening},
  month  = {2},
  year   = {2013},
  day    = {8},
  url    = {http://anthonyalbanese.com.au/category/ministerial-media-releases/page/26},
}

@Misc{WABudget200506Statements,
  author = {{Government of Western Australia}},
  title  = {2005--06 Budget: Budget Statements},
  year   = {2005},
  note   = {Volume 2},
  url    = {http://www.ourstatebudget.wa.gov.au/uploadedFiles/State_Budget/BUdget_2005_-_2006/bp2_vol2.pdf},
}

@TechReport{Ellis2015HowToIncrease,
  author      = {Tim Ellis},
  title       = {How to increase the chance of project success},
  institution = {Society of Construction Law Australia National Conference 2015},
  year        = {2015},
  type        = {Report},
}

@Misc{Parliament2006QuestionsinWritingIpswich,
  author = {{Parliament of Australia}},
  title  = {Questions in writing: Ipswich Motorway},
  month  = {2},
  year   = {2006},
  day    = {14},
  type   = {Government Document},
  url    = {https://web.archive.org/web/20160902045709/http:/parlinfo.aph.gov.au/parlInfo/search/display/display.w3p;db=CHAMBER;id=chamber/hansardr/2006-02-14/0163;query=Id:%22chamber/hansardr/2006-02-14/0000%22},
}

@Article{Love2012Overrunstransportationinfrastructure,
  author  = {Love, Peter and Chun-Pung Sing and Xiangyu Wang and Zahir Irani and Didibhuku W. Thwala},
  title   = {Overruns in transportation infrastructure projects},
  journal = {Structure and Infrastructure Engineering},
  year    = {2012},
  volume  = {10},
  number  = {2},
  pages   = {141-159},
  url     = {http://www.tandfonline.com/doi/abs/10.1080/15732479.2012.715173},
}

@Misc{ABCNews2003PlanforBruxnerHighway,
  author = {{ABC News}},
  title  = {Plan for Bruxner Highway bypass by 2006},
  month  = {6},
  year   = {2003},
  note   = {ABC News},
  day    = {20},
  type   = {Newspaper Article},
  url    = {http://mobile.abc.net.au/news/2003-06-20/plan-for-bruxner-highway-bypass-by-2006/1873482},
}

@Misc{VMIA2016PracticeGuide,
  author = {{Victorian Managed Insurance Authority}},
  title  = {Practice Guide: Practical guidance for the Victorian Government Risk Management Framework},
  year   = {2016},
  url    = {https://www.vmia.vic.gov.au/riskmanagementguidelines},
}

@Misc{Bill2009NationBuildingProgramAmendment,
  author = {{Nation Building Program Amendment Bill}},
  title  = {Nation building program (National land transport) amendment bill 2009},
  month  = {6},
  year   = {2009},
  note   = {Second Reading},
  day    = {1},
  type   = {Bill},
  url    = {http://parlinfo.aph.gov.au/parlInfo/search/display/display.w3p;query=Id%3A%22chamber%2Fhansardr%2F2009-06-01%2F0011%22},
}

@Misc{COAG2014NationalPartnershipAgreementInfrastructure,
  author = {{Council of Australian Governments}},
  title  = {National partnership agreement on land transport infrastructure projects},
  year   = {2014},
}

@Misc{VicDTF2013EconomicEvaluationforBusinessCasesTechnicalguidelines,
  author = {{Victorian Department of Treasury and Finance}},
  title  = {Economic Evaluation for Business Cases Technical guidelines},
  year   = {2013},
  url    = {http://www.dtf.vic.gov.au/files/bad1e4dd-01e5-4cbe-99f0-a1e000de5f26/Economic-Evaluation-Technical-Guide.pdf},
}

@Misc{Australia2016InfrastructureAustraliaAssessment,
  author = {{{{Infrastructure Australia}}}},
  title  = {Infrastructure Australia Assessment Framework: Detailed Technical Guidance},
  year   = {2016},
  type   = {Government Document},
  url    = {http://infrastructureaustralia.gov.au/projects/files/Assessment_Framework_Detailed_Technical_Guidance.pdf},
}

@Misc{QLDDepTransport2015ProjectCostEstimatingManual,
  author = {{Queensland Department of Transport and Main Roads}},
  title  = {Project Cost Estimating Manual},
  year   = {2015},
  url    = {http://www.tmr.qld.gov.au/-/media/busind/techstdpubs/Project-delivery-and-maintenance/Project-Cost-Estimating-Manual/Nov-2015/ProjectCostEstimatingManual.pdf?la=en},
}

@Article{Hodge2009PPPsPassageTime,
  author   = {Hodge, Graeme A. and Greve, Carsten},
  title    = {PPPs: The Passage of Time Permits a Sober Reflection},
  journal  = {Economic Affairs},
  year     = {2009},
  volume   = {29},
  number   = {1},
  pages    = {33-39},
  issn     = {02650665},
  doi      = {10.1111/j.1468-0270.2009.01864.x},
  keywords = {PUBLIC-private sector cooperation GOVERNMENT policy PUBLIC administration POLICY sciences SOCIAL sciences International evidence long-term infrastructure contracts LTICs PFI PPPs procurement public-private partnerships value-for-money VfM},
  type     = {Journal Article},
  url      = {https://ezp.lib.unimelb.edu.au/login?url=https://search.ebscohost.com/login.aspx?direct=true&db=bth&AN=36790883&site=eds-live&scope=site},
}

@Misc{QLDTreasury2015Projectassessmentframeworkoverview,
  author = {{Queensland Treasury}},
  title  = {Project assessment framework: Policy overview},
  year   = {2015},
  url    = {https://www.treasury.qld.gov.au/publications-resources/project-assessment-framework/paf-policy-overview.pdf},
}

@Misc{MitchellFreewayBusinessCase,
  author = {{Infrastructure Australia}},
  title  = {Project Business Case Evaluation - Mitchell Freeway extension},
  month  = {July 2016},
  year   = {2016},
  type   = {Hearing},
  url    = {http://infrastructureaustralia.gov.au/projects/files/Final_Mitchell_Freeway_Extension_Burns_Beach_to_Hester_Project_Evaluation_Summary.pdf},
}

@Misc{CLEM7-lawsuit-against-AECOM-statement-of-claim,
  author = {{Maurice Blackburn representing The Hopkins Superannuation Fund}},
  title  = {Second further amended statement of claim},
  note   = {as filed in the Federal Court of Australia},
  date   = {2014-04-01},
  url    = {https://www.mauriceblackburn.com.au/media/2403/14-03-31-second-further-amended-statement-of-claim-with-schedules-a-and-b-clean-sealed.pdf},
}

@Misc{NorthernStar2011ThroughTrafficToUseNewBypass,
  author = {Rebecca Lollback},
  title  = {Through traffic to use new bypass},
  month  = {5},
  year   = {2011},
  note   = {Northern Star},
  day    = {27},
  type   = {Newspaper Article},
  url    = {http://www.northernstar.com.au/news/alstonville-traffic-to-use-new-bypass-lismore/861128/},
}

@Misc{AusGov2012InfrastructurePlanningDelivery,
  author = {{Department of Infrastructure and Transport}},
  title  = {Infrastructure Planning and Delivery},
  year   = {2012},
  url    = {https://infrastructure.gov.au/infrastructure/publications/files/Best_Practice_Case_Studies_Vol_2.pdf},
}

@Article{Flyvbjerg2016fallacybeneficialignorance,
  author  = {Flyvbjerg, B.},
  title   = {The fallacy of beneficial ignorance: A test of hirschman’s hiding hand},
  journal = {World Development},
  year    = {2016},
  volume  = {84},
  pages   = {176-189},
  url     = {http://www.sciencedirect.com/science/article/pii/S0305750X15301030},
}

@Misc{SADTF2014GuidelinesfortheevaluationofpublicsectorinitiativesPartB,
  author = {{South Australian Department of Treasury and Finance}},
  title  = {Guidelines for the evaluation of public sector initiatives Part B: Investment Evaluation Process},
  year   = {2014},
  url    = {http://www.treasury.sa.gov.au/__data/assets/pdf_file/0009/2898/ti17-guidelines-part-b.pdf},
}

@Book{Flyvbjerg2003Megaprojectsriskanatomy,
  title     = {Megaprojects and risk: an anatomy of ambition},
  publisher = {Cambridge University Press},
  year      = {2003},
  author    = {Flyvbjerg, Bent and Werner Rothengatter},
  address   = {Cambridge},
}

@Misc{GHDPerthtoBunbury,
  author = {GHD},
  title  = {Perth to Bunbury Highway},
  year   = {2007},
  url    = {http://www.ghd.com/global/projects/perth-to-bunbury-highway/},
}

@Misc{InlandRailBusinessCase,
  author = {{Infrastructure Australia}},
  title  = {Project Business Case Evaluation - Inland Rail},
  month  = {May 2016},
  year   = {2016},
  type   = {Hearing},
  url    = {http://infrastructureaustralia.gov.au/projects/files/Final_Inland_Rail_Project_Evaluation_Summary.pdf},
}

@Misc{Australia2016InfrastructureAustraliaAssessmentb,
  author = {{{Infrastructure Australia}}},
  title  = {Infrastructure Australia Assessment Framework: Overview},
  year   = {2016},
  type   = {Government Document},
  url    = {http://infrastructureaustralia.gov.au/projects/files/Assessment_Framework_Overview.pdf},
}

@Misc{AFR-Traffic-forecasters-settle-with-AMP-over-Lane-Cover-tunnel,
  author = {Marianna Papdakis},
  title  = {Traffic forecasters settle with AMP over Lane Cove},
  date   = {2014-09-23},
  url    = {http://www.afr.com/news/politics/national/traffic-forecasters-settle-with-ampover-lane-cove-20140923-jftpp},
}

@Misc{Australia2016InfrastructureAustraliaAssessmentc,
  author = {{{Infrastructure Australia}}},
  title  = {Infrastructure Australia Assessment Framework: Stage 4 - Business Case Assessment Template - Transport},
  year   = {2016},
  type   = {Government Document},
  url    = {http://infrastructureaustralia.gov.au/projects/files/Stage_4_Business_Case_Assessment_Template_Transport.pdf},
}

@TechReport{General2015Followupofmanagingmajorprojects,
  author      = {{Victorian Auditor-General}},
  title       = {Follow up of managing major projects},
  institution = {Victorian Auditor-General's Office},
  year        = {2015},
  type        = {Report},
  url         = {http://www.audit.vic.gov.au/publications/20150805-Major-Projects/20150805-Major-Projects.pdf},
}

@Misc{Greens2016Policy,
  author = {{Australian Greens}},
  title  = {Greens outline vision for clean transport future},
  year   = {2016},
  url    = {http://greens.org.au/news/vic/greens-outline-visionclean-transport-future-0},
}

@Misc{General2015EastWestLink,
  author = {{Victorian Auditor-General}},
  title  = {East West Link Project},
  year   = {2015},
  type   = {Generic},
  url    = {http://www.audit.vic.gov.au/publications/20151209-East-West-Link/20151209-East-West-Link.pdf},
}

@TechReport{General2011ManagementMajorRoad,
  author      = {{Victorian Auditor-General}},
  title       = {Management of Major Road Projects},
  institution = {Government of Victoria},
  year        = {2011},
  type        = {Report},
  month       = {6},
  url         = {http://www.audit.vic.gov.au/publications/2010-11/20110601-Major-Roads.pdf},
}

@Misc{QLDDepTransport2011CostBenefitAnalysis,
  author = {{Queensland Department of Transport and Main Roads}},
  title  = {Cost-benefit Analysis Manual: Road projects},
  year   = {2011},
  url    = {http://www.tmr.qld.gov.au/-/media/busind/techstdpubs/Project-delivery-and-maintenance/Cost-benefit-analysis-manual/Costbenefitanalysismanualroadprojects.pdf?la=en},
}

@Misc{NSWBudget200910Statement,
  author = {{Government of New South Wales}},
  title  = {2009--10 Budget: Infrastructure Statement},
  year   = {2009},
  note   = {Budget Paper No.4},
  url    = {http://www.treasury.nsw.gov.au/__data/assets/pdf_file/0004/17581/bp4_infrastructure_statement.pdf},
}

@Misc{BrisTimes-RiverCity-IPO-secure-121M,
  author = {Jenny Wiggins},
  title  = {RiverCity IPO investors secure \$121m in successful Clem7 class action},
  date   = {2016-06-01},
  url    = {http://www.brisbanetimes.com.au/business/rivercity-ipo-investors-secure-121m-in-successful-clem7-class-action-20160601-gp8qu4.html},
}

@Article{Seimiatycki2009AcademicsauditorsComparing,
  author  = {Seimiatycki, Matti},
  title   = {Academics and auditors: Comparing perspectives on transport project cost overruns},
  journal = {Journal of Planning Education and Research},
  year    = {2009},
  volume  = {29},
  pages   = {142 - 156},
  doi     = {10.1177/0739456X09348798},
  url     = {https://www.researchgate.net/publication/238430262_Academics_and_Auditors_Comparing_Perspectives_on_Transportation_Project_Cost_Overruns},
}

@InBook{Flyvbjerg2016BigisFragile,
  title     = {Big is Fragile: An attempt at theorizing scale},
  publisher = {Oxford University Press},
  year      = {2016},
  author    = {Flyvbjerg, B.},
  editor    = {Flyvbjerg, B.},
  address   = {Oxford},
  booktitle = {The Oxford Handbook of Megaproject Management},
}

@Comment{jabref-meta: databaseType:bibtex;}
